%% This BibTeX bibliography file was created using BibDesk.
%% http://bibdesk.sourceforge.net/

%% Created for Konrad Tywoniuk at 2018-08-10 14:34:49 +0200 


%% Saved with string encoding Unicode (UTF-8) 



@article{Wang:1994fx,
	Archiveprefix = {arXiv},
	Author = {Wang, Xin-Nian and Gyulassy, Miklos and Plumer, Michael},
	Date-Added = {2018-08-10 12:50:51 +0200},
	Date-Modified = {2018-08-10 12:50:51 +0200},
	Eprint = {hep-ph/9408344},
	Journal = {Phys. Rev.},
	Pages = {3436-3446},
	Primaryclass = {hep-ph},
	Reportnumber = {LBL-35980},
	Slaccitation = {%%CITATION = HEP-PH/9408344;%%},
	Title = {{The LPM effect in QCD and radiative energy loss in a quark gluon plasma}},
	Volume = {D51},
	Year = {1995},
	Bdsk-Url-1 = {https://doi.org/10.1103/PhysRevD.51.3436}}

@article{Baier:1996sk,
	Archiveprefix = {arXiv},
	Author = {Baier, R. and Dokshitzer, Yuri L. and Mueller, Alfred H. and Peigne, S. and Schiff, D.},
	Date-Added = {2018-08-10 12:48:59 +0200},
	Date-Modified = {2018-08-10 12:48:59 +0200},
	Eprint = {hep-ph/9608322},
	Journal = {Nucl. Phys.},
	Pages = {265-282},
	Primaryclass = {hep-ph},
	Reportnumber = {CU-TP-760, BI-TP-96-26, LPTHE-ORSAY-96-61},
	Slaccitation = {%%CITATION = HEP-PH/9608322;%%},
	Title = {{Radiative energy loss and p(T) broadening of high-energy partons in nuclei}},
	Volume = {B484},
	Year = {1997},
	Bdsk-Url-1 = {https://doi.org/10.1016/S0550-3213(96)00581-0}}

@article{Frye:2016aiz,
	Archiveprefix = {arXiv},
	Author = {Frye, Christopher and Larkoski, Andrew J. and Schwartz, Matthew D. and Yan, Kai},
	Date-Added = {2018-08-10 12:33:21 +0200},
	Date-Modified = {2018-08-10 12:33:21 +0200},
	Eprint = {1603.09338},
	Journal = {JHEP},
	Pages = {064},
	Primaryclass = {hep-ph},
	Slaccitation = {%%CITATION = ARXIV:1603.09338;%%},
	Title = {{Factorization for groomed jet substructure beyond the next-to-leading logarithm}},
	Volume = {07},
	Year = {2016},
	Bdsk-Url-1 = {https://doi.org/10.1007/JHEP07(2016)064}}

@article{Marzani:2017mva,
	Archiveprefix = {arXiv},
	Author = {Marzani, Simone and Schunk, Lais and Soyez, Gregory},
	Date-Added = {2018-08-10 12:32:59 +0200},
	Date-Modified = {2018-08-10 12:32:59 +0200},
	Eprint = {1704.02210},
	Journal = {JHEP},
	Pages = {132},
	Primaryclass = {hep-ph},
	Slaccitation = {%%CITATION = ARXIV:1704.02210;%%},
	Title = {{A study of jet mass distributions with grooming}},
	Volume = {07},
	Year = {2017},
	Bdsk-Url-1 = {https://doi.org/10.1007/JHEP07(2017)132}}

@article{Altheimer:2013yza,
	Archiveprefix = {arXiv},
	Author = {Altheimer, A. and others},
	Booktitle = {{BOOST 2012 Valencia, Spain, July 23-27, 2012}},
	Date-Added = {2018-08-10 12:31:56 +0200},
	Date-Modified = {2018-08-10 12:31:56 +0200},
	Eprint = {1311.2708},
	Journal = {Eur. Phys. J.},
	Number = {3},
	Pages = {2792},
	Primaryclass = {hep-ex},
	Reportnumber = {FERMILAB-PUB-13-669},
	Slaccitation = {%%CITATION = ARXIV:1311.2708;%%},
	Title = {{Boosted objects and jet substructure at the LHC. Report of BOOST2012, held at IFIC Valencia, 23rd-27th of July 2012}},
	Volume = {C74},
	Year = {2014},
	Bdsk-Url-1 = {https://doi.org/10.1140/epjc/s10052-014-2792-8}}

@article{Ellis:2009su,
	Archiveprefix = {arXiv},
	Author = {Ellis, Stephen D. and Vermilion, Christopher K. and Walsh, Jonathan R.},
	Date-Added = {2018-08-10 12:31:33 +0200},
	Date-Modified = {2018-08-10 12:31:33 +0200},
	Eprint = {0903.5081},
	Journal = {Phys. Rev.},
	Pages = {051501},
	Primaryclass = {hep-ph},
	Slaccitation = {%%CITATION = ARXIV:0903.5081;%%},
	Title = {{Techniques for improved heavy particle searches with jet substructure}},
	Volume = {D80},
	Year = {2009},
	Bdsk-Url-1 = {https://doi.org/10.1103/PhysRevD.80.051501}}

@article{Chang:2017gkt,
	Archiveprefix = {arXiv},
	Author = {Chang, Ning-Bo and Cao, Shanshan and Qin, Guang-You},
	Date-Added = {2018-08-10 12:28:48 +0200},
	Date-Modified = {2018-08-10 12:28:48 +0200},
	Eprint = {1707.03767},
	Journal = {Phys. Lett.},
	Pages = {423-432},
	Primaryclass = {hep-ph},
	Slaccitation = {%%CITATION = ARXIV:1707.03767;%%},
	Title = {{Probing medium-induced jet splitting and energy loss in heavy-ion collisions}},
	Volume = {B781},
	Year = {2018},
	Bdsk-Url-1 = {https://doi.org/10.1016/j.physletb.2018.04.019}}

@article{Sirunyan:2017bsd,
	Archiveprefix = {arXiv},
	Author = {Sirunyan, Albert M and others},
	Collaboration = {CMS},
	Date-Added = {2018-08-10 12:26:21 +0200},
	Date-Modified = {2018-08-10 12:26:21 +0200},
	Eprint = {1708.09429},
	Journal = {Phys. Rev. Lett.},
	Number = {14},
	Pages = {142302},
	Primaryclass = {nucl-ex},
	Reportnumber = {CMS-HIN-16-006, CERN-EP-2017-205},
	Slaccitation = {%%CITATION = ARXIV:1708.09429;%%},
	Title = {{Measurement of the Splitting Function in $pp$ and Pb-Pb Collisions at $\sqrt{s_{_{\mathrm{NN}}}} =$ 5.02 TeV}},
	Volume = {120},
	Year = {2018},
	Bdsk-Url-1 = {https://doi.org/10.1103/PhysRevLett.120.142302}}

@article{Milhano:2017nzm,
	Archiveprefix = {arXiv},
	Author = {Milhano, Guilherme and Wiedemann, Urs Achim and Zapp, Korinna Christine},
	Date-Added = {2018-08-10 12:24:59 +0200},
	Date-Modified = {2018-08-10 12:24:59 +0200},
	Eprint = {1707.04142},
	Journal = {Phys. Lett.},
	Pages = {409-413},
	Primaryclass = {hep-ph},
	Reportnumber = {CERN-TH-2017-150, MCNET-17-12},
	Slaccitation = {%%CITATION = ARXIV:1707.04142;%%},
	Title = {{Sensitivity of jet substructure to jet-induced medium response}},
	Volume = {B779},
	Year = {2018},
	Bdsk-Url-1 = {https://doi.org/10.1016/j.physletb.2018.01.029}}

@article{Apolinario:2017qay,
	Archiveprefix = {arXiv},
	Author = {Apolinrio, Liliana and Milhano, Jos Guilherme and Ploskon, Mateusz and Zhang, Xiaoming},
	Date-Added = {2018-08-10 12:23:52 +0200},
	Date-Modified = {2018-08-10 12:23:52 +0200},
	Eprint = {1710.07607},
	Journal = {Eur. Phys. J.},
	Number = {6},
	Pages = {529},
	Primaryclass = {hep-ph},
	Slaccitation = {%%CITATION = ARXIV:1710.07607;%%},
	Title = {{Novel subjet observables for jet quenching in heavy-ion collisions}},
	Volume = {C78},
	Year = {2018},
	Bdsk-Url-1 = {https://doi.org/10.1140/epjc/s10052-018-5999-2}}

@inproceedings{Buttar:2008jx,
	Archiveprefix = {arXiv},
	Author = {Buttar, C. and others},
	Booktitle = {{Physics at TeV colliders, La physique du TeV aux collisionneurs, Les Houches 2007 : 11-29 June 2007}},
	Date-Added = {2018-08-10 12:10:34 +0200},
	Date-Modified = {2018-08-10 12:10:34 +0200},
	Eprint = {0803.0678},
	Pages = {121-214},
	Primaryclass = {hep-ph},
	Slaccitation = {%%CITATION = ARXIV:0803.0678;%%},
	Title = {{Standard Model Handles and Candles Working Group: Tools and Jets Summary Report}},
	Url = {https://inspirehep.net/record/780755/files/arXiv:0803.0678.pdf},
	Year = {2008},
	Bdsk-Url-1 = {https://inspirehep.net/record/780755/files/arXiv:0803.0678.pdf}}

@article{Aurenche:2011rd,
	Archiveprefix = {arXiv},
	Author = {Aurenche, P. and Zakharov, B. G.},
	Date-Added = {2018-08-07 10:42:52 +0000},
	Date-Modified = {2018-08-07 10:42:52 +0000},
	Eprint = {1109.6819},
	Journal = {Eur. Phys. J.},
	Pages = {1829},
	Primaryclass = {hep-ph},
	Slaccitation = {%%CITATION = ARXIV:1109.6819;%%},
	Title = {{Jet color chemistry and anomalous baryon production in $AA$-collisions}},
	Volume = {C71},
	Year = {2011},
	Bdsk-Url-1 = {https://doi.org/10.1140/epjc/s10052-011-1829-5}}

@article{Beraudo:2011bh,
	Archiveprefix = {arXiv},
	Author = {Beraudo, Andrea and Milhano, Jose Guilherme and Wiedemann, Urs Achim},
	Date-Added = {2018-08-07 10:41:35 +0000},
	Date-Modified = {2018-08-07 10:41:35 +0000},
	Eprint = {1109.5025},
	Journal = {Phys. Rev.},
	Pages = {031901},
	Primaryclass = {hep-ph},
	Slaccitation = {%%CITATION = ARXIV:1109.5025;%%},
	Title = {{Medium-induced color flow softens hadronization}},
	Volume = {C85},
	Year = {2012},
	Bdsk-Url-1 = {https://doi.org/10.1103/PhysRevC.85.031901}}

@article{Beraudo:2011zz,
	Archiveprefix = {arXiv},
	Author = {Beraudo, A. and Milhano, J. G. and Wiedemann, U. A.},
	Booktitle = {{Quark matter. Proceedings, 22nd International Conference on Ultra-Relativistic Nucleus-Nucleus Collisions, Quark Matter 2011, Annecy, France, May 23-28, 2011}},
	Date-Added = {2018-08-07 10:41:25 +0000},
	Date-Modified = {2018-08-07 10:41:25 +0000},
	Eprint = {1107.1080},
	Journal = {J. Phys.},
	Pages = {124118},
	Primaryclass = {hep-ph},
	Slaccitation = {%%CITATION = ARXIV:1107.1080;%%},
	Title = {{The role of in-medium color flow for high-p(T) particle production in A A collisions}},
	Volume = {G38},
	Year = {2011},
	Bdsk-Url-1 = {https://doi.org/10.1088/0954-3899/38/12/124118}}

@article{Beraudo:2012bq,
	Archiveprefix = {arXiv},
	Author = {Beraudo, Andrea and Milhano, Jose Guilherme and Wiedemann, Urs Achim},
	Date-Added = {2018-08-07 10:40:32 +0000},
	Date-Modified = {2018-08-07 10:40:32 +0000},
	Eprint = {1204.4342},
	Journal = {JHEP},
	Pages = {144},
	Primaryclass = {hep-ph},
	Reportnumber = {CERN-PH-TH-2012-100},
	Slaccitation = {%%CITATION = ARXIV:1204.4342;%%},
	Title = {{The Contribution of Medium-Modified Color Flow to Jet Quenching}},
	Volume = {07},
	Year = {2012},
	Bdsk-Url-1 = {https://doi.org/10.1007/JHEP07(2012)144}}

@article{Dainese:2016gch,
	Archiveprefix = {arXiv},
	Author = {Dainese, A. and others},
	Date-Added = {2018-08-07 10:40:30 +0000},
	Date-Modified = {2018-08-07 10:40:30 +0000},
	Eprint = {1605.01389},
	Journal = {CERN Yellow Report},
	Number = {3},
	Pages = {635-692},
	Primaryclass = {hep-ph},
	Reportnumber = {CERN-TH-2016-107},
	Slaccitation = {%%CITATION = ARXIV:1605.01389;%%},
	Title = {{Heavy ions at the Future Circular Collider}},
	Year = {2017},
	Bdsk-Url-1 = {https://doi.org/10.23731/CYRM-2017-003.635}}

@article{He:2015pra,
	Archiveprefix = {arXiv},
	Author = {He, Yayun and Luo, Tan and Wang, Xin-Nian and Zhu, Yan},
	Date-Added = {2018-08-07 09:30:29 +0000},
	Date-Modified = {2018-08-07 09:30:29 +0000},
	Eprint = {1503.03313},
	Journal = {Phys. Rev.},
	Note = {[Erratum: Phys. Rev.C97,no.1,019902(2018)]},
	Pages = {054908},
	Primaryclass = {nucl-th},
	Slaccitation = {%%CITATION = ARXIV:1503.03313;%%},
	Title = {{Linear Boltzmann Transport for Jet Propagation in the Quark-Gluon Plasma: Elastic Processes and Medium Recoil}},
	Volume = {C91},
	Year = {2015},
	Bdsk-Url-1 = {https://doi.org/10.1103/PhysRevC.97.019902,%2010.1103/PhysRevC.91.054908}}

@article{Wang:2013cia,
	Archiveprefix = {arXiv},
	Author = {Wang, Xin-Nian and Zhu, Yan},
	Date-Added = {2018-08-07 09:30:13 +0000},
	Date-Modified = {2018-08-07 09:30:13 +0000},
	Eprint = {1302.5874},
	Journal = {Phys. Rev. Lett.},
	Number = {6},
	Pages = {062301},
	Primaryclass = {hep-ph},
	Slaccitation = {%%CITATION = ARXIV:1302.5874;%%},
	Title = {{Medium Modification of $\gamma$-jets in High-energy Heavy-ion Collisions}},
	Volume = {111},
	Year = {2013},
	Bdsk-Url-1 = {https://doi.org/10.1103/PhysRevLett.111.062301}}

@article{Chien:2018dfn,
	Archiveprefix = {arXiv},
	Author = {Chien, Yang-Ting and Kunnawalkam Elayavalli, Raghav},
	Date-Added = {2018-08-07 08:34:22 +0000},
	Date-Modified = {2018-08-07 08:34:22 +0000},
	Eprint = {1803.03589},
	Primaryclass = {hep-ph},
	Reportnumber = {MIT-CTP 4947, WSU-HEP 1802, MIT-CTP-4947, WSU-HEP-1802},
	Slaccitation = {%%CITATION = ARXIV:1803.03589;%%},
	Title = {{Probing heavy ion collisions using quark and gluon jet substructure }},
	Year = {2018}}

@article{Dreyer:2018nbf,
	Archiveprefix = {arXiv},
	Author = {Dreyer, Frdric A. and Salam, Gavin P. and Soyez, Grgory},
	Date-Added = {2018-08-07 08:28:51 +0000},
	Date-Modified = {2018-08-07 08:28:51 +0000},
	Eprint = {1807.04758},
	Primaryclass = {hep-ph},
	Slaccitation = {%%CITATION = ARXIV:1807.04758;%%},
	Title = {{The Lund Jet Plane }},
	Year = {2018}}

@url{cerninstitute-github,
	Date-Added = {2018-08-07 08:25:49 +0000},
	Date-Modified = {2018-08-07 08:27:09 +0000},
	Title = {Framework to study jet substructure in heavy ion environment},
	Url = {https://github.com/JetQuenchingTools/JetToyHI},
	Urldate = {2017},
	Bdsk-Url-1 = {https://github.com/JetQuenchingTools/JetToyHI}}

@url{cerninstitute-twiki,
	Date-Added = {2018-08-07 08:19:21 +0000},
	Date-Modified = {2018-08-07 08:27:38 +0000},
	Title = {Jet Quenching Tools},
	Url = {https://twiki.cern.ch/twiki/bin/view/JetQuenchingTools/WebHome},
	Urldate = {2017},
	Bdsk-Url-1 = {https://twiki.cern.ch/twiki/bin/view/JetQuenchingTools/WebHome}}

@article{deBarros:2012ws,
	Archiveprefix = {arXiv},
	Author = {de Barros, G. O. V. and Fenton-Olsen, Bo and Jacobs, Peter and Ploskon, Mateusz},
	Booktitle = {{Proceedings, 5th International Conference on Hard and Electromagnetic Probes of High-Energy Nuclear Collisions (Hard Probes 2012): Cagliari, Italy, May 27-June 1, 2012}},
	Date-Added = {2018-06-20 07:36:56 +0000},
	Date-Modified = {2018-06-20 07:36:56 +0000},
	Eprint = {1208.1518},
	Journal = {Nucl. Phys.},
	Pages = {314-318},
	Primaryclass = {hep-ex},
	Slaccitation = {%%CITATION = ARXIV:1208.1518;%%},
	Title = {{Data-driven analysis methods for the measurement of reconstructed jets in heavy ion collisions at RHIC and LHC}},
	Volume = {A910-911},
	Year = {2013},
	Bdsk-Url-1 = {https://doi.org/10.1016/j.nuclphysa.2012.12.019}}

@article{Milhano:2015mng,
	Archiveprefix = {arXiv},
	Author = {Milhano, Jos Guilherme and Zapp, Korinna Christine},
	Date-Added = {2018-06-19 11:23:00 +0000},
	Date-Modified = {2018-06-19 11:23:00 +0000},
	Eprint = {1512.08107},
	Journal = {Eur. Phys. J.},
	Number = {5},
	Pages = {288},
	Primaryclass = {hep-ph},
	Reportnumber = {CERN-PH-TH-2015-310, MCNET-15-31},
	Slaccitation = {%%CITATION = ARXIV:1512.08107;%%},
	Title = {{Origins of the di-jet asymmetry in heavy ion collisions}},
	Volume = {C76},
	Year = {2016},
	Bdsk-Url-1 = {https://doi.org/10.1140/epjc/s10052-016-4130-9}}

@article{Majumder:2010qh,
	Archiveprefix = {arXiv},
	Author = {Majumder, A. and Van Leeuwen, M.},
	Date-Added = {2018-06-19 10:52:44 +0000},
	Date-Modified = {2018-06-19 10:52:44 +0000},
	Eprint = {1002.2206},
	Journal = {Prog. Part. Nucl. Phys.},
	Pages = {41-92},
	Primaryclass = {hep-ph},
	Slaccitation = {%%CITATION = ARXIV:1002.2206;%%},
	Title = {{The Theory and Phenomenology of Perturbative QCD Based Jet Quenching}},
	Volume = {66},
	Year = {2011},
	Bdsk-Url-1 = {https://doi.org/10.1016/j.ppnp.2010.09.001}}

@article{dEnterria:2009xfs,
	Archiveprefix = {arXiv},
	Author = {d'Enterria, David},
	Date-Added = {2018-06-19 10:51:48 +0000},
	Date-Modified = {2018-06-19 10:51:48 +0000},
	Eprint = {0902.2011},
	Journal = {Landolt-Bornstein},
	Pages = {471},
	Primaryclass = {nucl-ex},
	Slaccitation = {%%CITATION = ARXIV:0902.2011;%%},
	Title = {{Jet quenching}},
	Volume = {23},
	Year = {2010},
	Bdsk-Url-1 = {https://doi.org/10.1007/978-3-642-01539-7_16}}

@article{Sirunyan:2018gct,
	Archiveprefix = {arXiv},
	Author = {Sirunyan, Albert M and others},
	Collaboration = {CMS},
	Date-Added = {2018-06-19 10:18:36 +0000},
	Date-Modified = {2018-06-19 10:18:36 +0000},
	Eprint = {1805.05145},
	Primaryclass = {hep-ex},
	Reportnumber = {CMS-HIN-16-024, CERN-EP-2018-097, CMS-HIN-16-024, CERN-EP-2018-097},
	Slaccitation = {%%CITATION = ARXIV:1805.05145;%%},
	Title = {{Measurement of the groomed jet mass in PbPb and pp collisions at $\sqrt{s_{_\mathrm{NN}}} =$ 5.02 TeV }},
	Year = {2018},
	Bdsk-Url-1 = {https://doi.org/10.3204/PUBDB-2018-02200}}

@unpublished{Dreyer:2018lund,
	Author = {Dreyer, Fr{\'e}d{\'e}ric A. and Soyez, G. and Salam, Gavin},
	Date-Added = {2018-06-19 08:44:06 +0000},
	Date-Modified = {2018-06-19 08:46:04 +0000},
	Title = {in preparation}}

@article{Mehtar-Tani:2017web,
	Archiveprefix = {arXiv},
	Author = {Mehtar-Tani, Yacine and Tywoniuk, Konrad},
	Date-Added = {2018-06-18 15:11:24 +0000},
	Date-Modified = {2018-06-18 15:11:24 +0000},
	Eprint = {1707.07361},
	Primaryclass = {hep-ph},
	Reportnumber = {INT-PUB-17-025, CERN-TH-2017-161},
	Slaccitation = {%%CITATION = ARXIV:1707.07361;%%},
	Title = {{Sudakov suppression of jets in QCD media }},
	Year = {2017}}

@article{Caucal:2018dla,
	Archiveprefix = {arXiv},
	Author = {Caucal, P. and Iancu, E. and Mueller, A. H. and Soyez, G.},
	Date-Added = {2018-06-18 15:10:17 +0000},
	Date-Modified = {2018-06-18 15:10:17 +0000},
	Eprint = {1801.09703},
	Journal = {Phys. Rev. Lett.},
	Pages = {232001},
	Primaryclass = {hep-ph},
	Slaccitation = {%%CITATION = ARXIV:1801.09703;%%},
	Title = {{Vacuum-like jet fragmentation in a dense QCD medium}},
	Volume = {120},
	Year = {2018},
	Bdsk-Url-1 = {https://doi.org/10.1103/PhysRevLett.120.232001}}

@article{Blaizot:2014rla,
	Archiveprefix = {arXiv},
	Author = {Blaizot, Jean-Paul and Fister, Leonard and Mehtar-Tani, Yacine},
	Date-Added = {2018-06-18 15:01:26 +0000},
	Date-Modified = {2018-06-18 15:01:26 +0000},
	Eprint = {1409.6202},
	Journal = {Nucl. Phys.},
	Pages = {67-88},
	Primaryclass = {hep-ph},
	Slaccitation = {%%CITATION = ARXIV:1409.6202;%%},
	Title = {{Angular distribution of medium-induced QCD cascades}},
	Volume = {A940},
	Year = {2015},
	Bdsk-Url-1 = {https://doi.org/10.1016/j.nuclphysa.2015.03.014}}

@url{LundFromMC,
	Author = {Salam, Gavin},
	Date-Added = {2018-06-18 10:18:55 +0000},
	Date-Modified = {2018-06-18 10:25:59 +0000},
	Title = {{MC} study of Lund plane through jet declustering},
	Url = {https://gitlab.cern.ch/gsalam/2017-lund-from-MC},
	Urldate = {2017},
	Year = {2017},
	Bdsk-Url-1 = {https://gitlab.cern.ch/gsalam/2017-lund-from-MC}}

@article{Salam:2009jx,
	Archiveprefix = {arXiv},
	Author = {Salam, Gavin P.},
	Booktitle = {{2008 CTEQ-MCnet Summer School on QCD Phenomenology and Monte Carlo Event Generators (MCnet 08) (CTEQ 08) Debrecen, Hungary, August 8-16, 2008}},
	Date-Added = {2018-06-14 14:02:48 +0000},
	Date-Modified = {2018-06-14 14:02:48 +0000},
	Eprint = {0906.1833},
	Journal = {Eur. Phys. J.},
	Pages = {637-686},
	Primaryclass = {hep-ph},
	Slaccitation = {%%CITATION = ARXIV:0906.1833;%%},
	Title = {{Towards Jetography}},
	Volume = {C67},
	Year = {2010},
	Bdsk-Url-1 = {https://doi.org/10.1140/epjc/s10052-010-1314-6}}

@article{Burke:2013yra,
	Archiveprefix = {arXiv},
	Author = {Burke, Karen M. and others},
	Collaboration = {JET},
	Date-Added = {2018-03-05 08:42:14 +0000},
	Date-Modified = {2018-03-05 08:42:14 +0000},
	Eprint = {1312.5003},
	Journal = {Phys. Rev.},
	Number = {1},
	Pages = {014909},
	Primaryclass = {nucl-th},
	Reportnumber = {NT-LBNL-13-011},
	Slaccitation = {%%CITATION = ARXIV:1312.5003;%%},
	Title = {{Extracting the jet transport coefficient from jet quenching in high-energy heavy-ion collisions}},
	Volume = {C90},
	Year = {2014},
	Bdsk-Url-1 = {https://dx.doi.org/10.1103/PhysRevC.90.014909}}

@article{Armesto:2011ht,
	Archiveprefix = {arXiv},
	Author = {Armesto, Nestor and others},
	Date-Added = {2018-03-05 08:41:09 +0000},
	Date-Modified = {2018-03-05 08:41:09 +0000},
	Eprint = {1106.1106},
	Journal = {Phys. Rev.},
	Pages = {064904},
	Primaryclass = {hep-ph},
	Slaccitation = {%%CITATION = ARXIV:1106.1106;%%},
	Title = {{Comparison of Jet Quenching Formalisms for a Quark-Gluon Plasma 'Brick'}},
	Volume = {C86},
	Year = {2012},
	Bdsk-Url-1 = {https://dx.doi.org/10.1103/PhysRevC.86.064904}}

@article{Dasgupta:2007wa,
	Archiveprefix = {arXiv},
	Author = {Dasgupta, Mrinal and Magnea, Lorenzo and Salam, Gavin P.},
	Date-Added = {2018-01-30 18:19:04 +0000},
	Date-Modified = {2018-01-30 18:19:04 +0000},
	Eprint = {0712.3014},
	Journal = {JHEP},
	Pages = {055},
	Primaryclass = {hep-ph},
	Reportnumber = {DFTT-27-2007, MAN-HEP-2007-41},
	Slaccitation = {%%CITATION = ARXIV:0712.3014;%%},
	Title = {{Non-perturbative QCD effects in jets at hadron colliders}},
	Volume = {02},
	Year = {2008},
	Bdsk-Url-1 = {https://dx.doi.org/10.1088/1126-6708/2008/02/055}}

@article{Dasgupta:2015yua,
	Archiveprefix = {arXiv},
	Author = {Dasgupta, Mrinal and Powling, Alexander and Siodmok, Andrzej},
	Date-Added = {2018-01-30 18:06:43 +0000},
	Date-Modified = {2018-01-30 18:06:43 +0000},
	Eprint = {1503.01088},
	Journal = {JHEP},
	Pages = {079},
	Primaryclass = {hep-ph},
	Reportnumber = {CERN-PH-TH-2015-032, MCNET-15-03},
	Slaccitation = {%%CITATION = ARXIV:1503.01088;%%},
	Title = {{On jet substructure methods for signal jets}},
	Volume = {08},
	Year = {2015},
	Bdsk-Url-1 = {https://dx.doi.org/10.1007/JHEP08(2015)079}}

@article{Chien:2016led,
	Archiveprefix = {arXiv},
	Author = {Chien, Yang-Ting and Vitev, Ivan},
	Date-Added = {2018-01-30 15:33:39 +0000},
	Date-Modified = {2018-01-30 15:33:39 +0000},
	Eprint = {1608.07283},
	Journal = {Phys. Rev. Lett.},
	Number = {11},
	Pages = {112301},
	Primaryclass = {hep-ph},
	Slaccitation = {%%CITATION = ARXIV:1608.07283;%%},
	Title = {{Probing the Hardest Branching within Jets in Heavy-Ion Collisions}},
	Volume = {119},
	Year = {2017},
	Bdsk-Url-1 = {https://dx.doi.org/10.1103/PhysRevLett.119.112301}}

@article{Ellis:1993tq,
	Archiveprefix = {arXiv},
	Author = {Ellis, Stephen D. and Soper, Davison E.},
	Date-Added = {2018-01-30 14:49:12 +0000},
	Date-Modified = {2018-01-30 14:49:12 +0000},
	Eprint = {hep-ph/9305266},
	Journal = {Phys. Rev.},
	Pages = {3160-3166},
	Primaryclass = {hep-ph},
	Reportnumber = {CERN-TH-6860-93},
	Slaccitation = {%%CITATION = HEP-PH/9305266;%%},
	Title = {{Successive combination jet algorithm for hadron collisions}},
	Volume = {D48},
	Year = {1993},
	Bdsk-Url-1 = {https://dx.doi.org/10.1103/PhysRevD.48.3160}}

@article{Catani:1993hr,
	Author = {Catani, S. and Dokshitzer, Yuri L. and Seymour, M. H. and Webber, B. R.},
	Date-Added = {2018-01-30 14:48:49 +0000},
	Date-Modified = {2018-01-30 14:48:49 +0000},
	Journal = {Nucl. Phys.},
	Pages = {187-224},
	Reportnumber = {CERN-TH-6775-93, LU-TP-93-2},
	Slaccitation = {%%CITATION = NUPHA,B406,187;%%},
	Title = {{Longitudinally invariant $K_t$ clustering algorithms for hadron hadron collisions}},
	Volume = {B406},
	Year = {1993},
	Bdsk-Url-1 = {https://dx.doi.org/10.1016/0550-3213(93)90166-M}}

@inproceedings{Wobisch:1998wt,
	Archiveprefix = {arXiv},
	Author = {Wobisch, M. and Wengler, T.},
	Booktitle = {{Monte Carlo generators for HERA physics. Proceedings, Workshop, Hamburg, Germany, 1998-1999}},
	Date-Added = {2018-01-30 14:45:12 +0000},
	Date-Modified = {2018-01-30 14:45:12 +0000},
	Eprint = {hep-ph/9907280},
	Pages = {270-279},
	Primaryclass = {hep-ph},
	Reportnumber = {PITHA-99-16},
	Slaccitation = {%%CITATION = HEP-PH/9907280;%%},
	Title = {{Hadronization corrections to jet cross-sections in deep inelastic scattering}},
	Url = {http://inspirehep.net/record/484872/files/arXiv:hep-ph_9907280.pdf},
	Year = {1998},
	Bdsk-Url-1 = {http://inspirehep.net/record/484872/files/arXiv:hep-ph_9907280.pdf}}

@article{Cacciari:2008gp,
	Archiveprefix = {arXiv},
	Author = {Cacciari, Matteo and Salam, Gavin P. and Soyez, Gregory},
	Date-Added = {2018-01-30 14:42:54 +0000},
	Date-Modified = {2018-01-30 14:42:54 +0000},
	Eprint = {0802.1189},
	Journal = {JHEP},
	Pages = {063},
	Primaryclass = {hep-ph},
	Reportnumber = {LPTHE-07-03},
	Slaccitation = {%%CITATION = ARXIV:0802.1189;%%},
	Title = {{The Anti-k(t) jet clustering algorithm}},
	Volume = {04},
	Year = {2008},
	Bdsk-Url-1 = {https://dx.doi.org/10.1088/1126-6708/2008/04/063}}

@book{Dokshitzer:1991wu,
	Author = {Dokshitzer, Yuri L. and Khoze, Valery A. and Mueller, Alfred H. and Troian, S. I.},
	Date-Added = {2018-01-26 09:55:30 +0000},
	Date-Modified = {2018-01-26 09:55:30 +0000},
	Journal = {Gif-sur-Yvette, France: Ed. Frontieres (1991) 274 p. (Basics of)},
	Slaccitation = {%%CITATION = INSPIRE-325492;%%},
	Title = {{Basics of perturbative QCD}},
	Year = {1991}}

@article{Ellis:1991qj,
	Author = {Ellis, R. Keith and Stirling, W. James and Webber, B. R.},
	Date-Added = {2018-01-26 09:54:54 +0000},
	Date-Modified = {2018-01-26 09:54:54 +0000},
	Journal = {Camb. Monogr. Part. Phys. Nucl. Phys. Cosmol.},
	Pages = {1-435},
	Slaccitation = {%%CITATION = CMPCE,8,1;%%},
	Title = {{QCD and collider physics}},
	Volume = {8},
	Year = {1996}}

@misc{THinst,
	Title = {{CERN} {TH} {I}nstitute ``{N}ovel tools and observables for jet physics in heavy-ion collisions''/5th {H}eavy {I}on {J}et {W}orkshop},
	Url = {https://indico.cern.ch/event/625585/},
	Year = {2017},
	Bdsk-Url-1 = {https://indico.cern.ch/event/625585/}}

@url{TECHQM,
	Date-Modified = {2018-06-18 10:24:10 +0000},
	Title = {{TECHQM} {C}ollaboration {W}iki},
	Url = {https://wiki.bnl.gov/TECHQM/},
	Urldate = {2010},
	Year = {2010},
	Bdsk-Url-1 = {https://wiki.bnl.gov/TECHQM/}}

@article{Sjostrand:2007gs,
	Archiveprefix = {arXiv},
	Author = {Sjostrand, Torbjorn and Mrenna, Stephen and Skands, Peter Z.},
	Date-Modified = {2018-08-10 14:34:25 +0200},
	Eprint = {0710.3820},
	Journal = {Comput. Phys. Commun.},
	Pages = {852-867},
	Primaryclass = {hep-ph},
	Reportnumber = {CERN-LCGAPP-2007-04, LU-TP-07-28, FERMILAB-PUB-07-512-CD-T},
	Slaccitation = {%%CITATION = ARXIV:0710.3820;%%},
	Title = {{A Brief Introduction to PYTHIA 8.1}},
	Volume = {178},
	Year = {2008},
	Bdsk-Url-1 = {http://dx.doi.org/10.1016/j.cpc.2008.01.036}}

@article{Armesto:2009fj,
	Archiveprefix = {arXiv},
	Author = {Armesto, Nestor and Cunqueiro, Leticia and Salgado, Carlos A.},
	Eprint = {0907.1014},
	Journal = {Eur. Phys. J.},
	Pages = {679-690},
	Primaryclass = {hep-ph},
	Slaccitation = {%%CITATION = ARXIV:0907.1014;%%},
	Title = {{Q-PYTHIA: A Medium-modified implementation of final state radiation}},
	Volume = {C63},
	Year = {2009},
	Bdsk-Url-1 = {http://dx.doi.org/10.1140/epjc/s10052-009-1133-9}}

@article{Zapp:2012ak,
	Archiveprefix = {arXiv},
	Author = {Zapp, Korinna C. and Krauss, Frank and Wiedemann, Urs A.},
	Eprint = {1212.1599},
	Journal = {JHEP},
	Pages = {080},
	Primaryclass = {hep-ph},
	Reportnumber = {CERN-PH-TH-2012-344, IPPP-12-92, DCPT-12-84, MCNET-12-14},
	Slaccitation = {%%CITATION = ARXIV:1212.1599;%%},
	Title = {{A perturbative framework for jet quenching}},
	Volume = {03},
	Year = {2013},
	Bdsk-Url-1 = {http://dx.doi.org/10.1007/JHEP03(2013)080}}

@article{Zapp:2011ya,
	Archiveprefix = {arXiv},
	Author = {Zapp, Korinna Christine and Stachel, Johanna and Wiedemann, Urs Achim},
	Eprint = {1103.6252},
	Journal = {JHEP},
	Pages = {118},
	Primaryclass = {hep-ph},
	Reportnumber = {IPPP-11-16, DCPT-11-32, MCNET-11-11, CERN-PH-TH-2011-043},
	Slaccitation = {%%CITATION = ARXIV:1103.6252;%%},
	Title = {{A local Monte Carlo framework for coherent QCD parton energy loss}},
	Volume = {07},
	Year = {2011},
	Bdsk-Url-1 = {http://dx.doi.org/10.1007/JHEP07(2011)118}}

@article{Berta:2014eza,
	Archiveprefix = {arXiv},
	Author = {Berta, Peter and Spousta, Martin and Miller, David W. and Leitner, Rupert},
	Eprint = {1403.3108},
	Journal = {JHEP},
	Pages = {092},
	Primaryclass = {hep-ex},
	Slaccitation = {%%CITATION = ARXIV:1403.3108;%%},
	Title = {{Particle-level pileup subtraction for jets and jet shapes}},
	Volume = {06},
	Year = {2014},
	Bdsk-Url-1 = {http://dx.doi.org/10.1007/JHEP06(2014)092}}

@article{Cacciari:2014gra,
	Archiveprefix = {arXiv},
	Author = {Cacciari, Matteo and Salam, Gavin P. and Soyez, Gregory},
	Eprint = {1407.0408},
	Journal = {Eur. Phys. J.},
	Number = {2},
	Pages = {59},
	Primaryclass = {hep-ph},
	Reportnumber = {CERN-PH-TH-2014-116},
	Slaccitation = {%%CITATION = ARXIV:1407.0408;%%},
	Title = {{SoftKiller, a particle-level pileup removal method}},
	Volume = {C75},
	Year = {2015},
	Bdsk-Url-1 = {http://dx.doi.org/10.1140/epjc/s10052-015-3267-2}}

@article{Kurkela:2014tla,
	Archiveprefix = {arXiv},
	Author = {Kurkela, Aleksi and Wiedemann, Urs Achim},
	Date-Added = {2017-10-13 14:24:36 +0000},
	Date-Modified = {2017-10-13 14:24:36 +0000},
	Eprint = {1407.0293},
	Journal = {Phys. Lett.},
	Pages = {172-178},
	Primaryclass = {hep-ph},
	Reportnumber = {CERN-PH-TH-2014-121},
	Slaccitation = {%%CITATION = ARXIV:1407.0293;%%},
	Title = {{Picturing perturbative parton cascades in QCD matter}},
	Volume = {B740},
	Year = {2015},
	Bdsk-Url-1 = {http://dx.doi.org/10.1016/j.physletb.2014.11.054}}

@article{Andersson:1988gp,
	Author = {Andersson, Bo and Gustafson, Gosta and Lonnblad, Leif and Pettersson, Ulf},
	Date-Added = {2017-10-13 13:25:39 +0000},
	Date-Modified = {2017-10-13 13:25:39 +0000},
	Journal = {Z. Phys.},
	Pages = {625},
	Reportnumber = {LU-TP-88-14},
	Slaccitation = {%%CITATION = ZEPYA,C43,625;%%},
	Title = {{Coherence Effects in Deep Inelastic Scattering}},
	Volume = {C43},
	Year = {1989},
	Bdsk-Url-1 = {http://dx.doi.org/10.1007/BF01550942}}

@article{Mehtar-Tani:2016aco,
	Archiveprefix = {arXiv},
	Author = {Mehtar-Tani, Yacine and Tywoniuk, Konrad},
	Date-Added = {2017-09-01 05:58:34 +0000},
	Date-Modified = {2017-09-01 05:58:34 +0000},
	Eprint = {1610.08930},
	Journal = {JHEP},
	Pages = {125},
	Primaryclass = {hep-ph},
	Reportnumber = {INT-PUB-16-038, CERN-TH-2016-227},
	Slaccitation = {%%CITATION = ARXIV:1610.08930;%%},
	Title = {{Groomed jets in heavy-ion collisions: sensitivity to medium-induced bremsstrahlung}},
	Volume = {04},
	Year = {2017},
	Bdsk-Url-1 = {http://dx.doi.org/10.1007/JHEP04(2017)125}}

@article{MehtarTani:2010ma,
	Author = {Mehtar-Tani, Yacine and Salgado, Carlos A. and Tywoniuk, Konrad},
	Date-Added = {2017-09-19 14:31:04 +0000},
	Date-Modified = {2017-09-19 14:31:04 +0000},
	Journal = {Phys.Rev.Lett.},
	Pages = {122002},
	Slaccitation = {%%CITATION = ARXIV:1009.2965;%%},
	Title = {{Anti-angular ordering of gluon radiation in QCD media}},
	Volume = {106},
	Year = {2011},
	Bdsk-Url-1 = {http://dx.doi.org/10.1103/PhysRevLett.106.122002}}

@article{MehtarTani:2011tz,
	Author = {Mehtar-Tani, Y. and Salgado, Carlos A. and Tywoniuk, K.},
	Date-Added = {2017-09-19 14:31:04 +0000},
	Date-Modified = {2017-09-19 14:31:04 +0000},
	Journal = {Phys.Lett.},
	Pages = {156-159},
	Slaccitation = {%%CITATION = ARXIV:1102.4317;%%},
	Title = {{Jets in QCD Media: From Color Coherence to Decoherence}},
	Volume = {B707},
	Year = {2012},
	Bdsk-Url-1 = {http://dx.doi.org/10.1016/j.physletb.2011.12.042}}

@article{CasalderreySolana:2012ef,
	Archiveprefix = {arXiv},
	Author = {Casalderrey-Solana, Jorge and Mehtar-Tani, Yacine and Salgado, Carlos A. and Tywoniuk, Konrad},
	Date-Added = {2017-09-19 14:31:04 +0000},
	Date-Modified = {2017-09-19 14:31:04 +0000},
	Eprint = {1210.7765},
	Journal = {Phys. Lett.},
	Pages = {357-360},
	Primaryclass = {hep-ph},
	Reportnumber = {CERN-PH-TH-2012-291, LU-TP-12-37},
	Slaccitation = {%%CITATION = ARXIV:1210.7765;%%},
	Title = {{New picture of jet quenching dictated by color coherence}},
	Volume = {B725},
	Year = {2013},
	Bdsk-Url-1 = {http://dx.doi.org/10.1016/j.physletb.2013.07.046}}

@article{Ellis:2009me,
	Archiveprefix = {arXiv},
	Author = {Ellis, Stephen D. and Vermilion, Christopher K. and Walsh, Jonathan R.},
	Eprint = {0912.0033},
	Journal = {Phys. Rev. D},
	Pages = {094023},
	Primaryclass = {hep-ph},
	Slaccitation = {%%CITATION = ARXIV:0912.0033;%%},
	Title = {Recombination algorithms and jet substructure: Pruning as a tool for heavy particle searches},
	Volume = {81},
	Year = {2010},
	Bdsk-Url-1 = {http://dx.doi.org/10.1103/PhysRevD.81.094023}}

@article{Butterworth:2008iy,
	Archiveprefix = {arXiv},
	Author = {Butterworth, Jonathan M. and Davison, Adam R. and Rubin, Mathieu and Salam, Gavin P.},
	Eprint = {0802.2470},
	Journal = {Phys. Rev. Lett.},
	Pages = {242001},
	Primaryclass = {hep-ph},
	Slaccitation = {%%CITATION = ARXIV:0802.2470;%%},
	Title = {{Jet substructure as a new Higgs search channel at the LHC}},
	Volume = {100},
	Year = {2008},
	Bdsk-Url-1 = {http://dx.doi.org/10.1103/PhysRevLett.100.242001}}

@article{Krohn:2009th,
	Archiveprefix = {arXiv},
	Author = {Krohn, David and Thaler, Jesse and Wang, Lian-Tao},
	Eprint = {0912.1342},
	Journal = {JHEP},
	Pages = {084},
	Primaryclass = {hep-ph},
	Slaccitation = {%%CITATION = ARXIV:0912.1342;%%},
	Title = {Jet trimming},
	Volume = {02},
	Year = {2010},
	Bdsk-Url-1 = {http://dx.doi.org/10.1007/JHEP02(2010)084}}

@article{Dasgupta:2013ihk,
	Archiveprefix = {arXiv},
	Author = {Dasgupta, Mrinal and Fregoso, Alessandro and Marzani, Simone and Salam, Gavin P.},
	Eprint = {1307.0007},
	Journal = {JHEP},
	Pages = {029},
	Primaryclass = {hep-ph},
	Reportnumber = {CERN-PH-TH-2013-145, DCPT-13-86, IPPP-13-43, LPN13-036, MAN-HEP-2013-12},
	Slaccitation = {%%CITATION = ARXIV:1307.0007;%%},
	Title = {{Towards an understanding of jet substructure}},
	Volume = {09},
	Year = {2013},
	Bdsk-Url-1 = {http://dx.doi.org/10.1007/JHEP09(2013)029}}

@article{Larkoski:2014wba,
	Archiveprefix = {arXiv},
	Author = {Larkoski, Andrew J. and Marzani, Simone and Soyez, Gregory and Thaler, Jesse},
	Eprint = {1402.2657},
	Journal = {JHEP},
	Pages = {146},
	Primaryclass = {hep-ph},
	Reportnumber = {MIT-CTP-4531, DCPT-14-24, IPPP-14-12},
	Slaccitation = {%%CITATION = ARXIV:1402.2657;%%},
	Title = {Soft drop},
	Volume = {05},
	Year = {2014},
	Bdsk-Url-1 = {http://dx.doi.org/10.1007/JHEP05(2014)146}}

@article{Larkoski:2015lea,
	Archiveprefix = {arXiv},
	Author = {Larkoski, Andrew J. and Marzani, Simone and Thaler, Jesse},
	Eprint = {1502.01719},
	Journal = {Phys. Rev. D},
	Pages = {111501},
	Primaryclass = {hep-ph},
	Reportnumber = {MIT-CTP-4638},
	Slaccitation = {%%CITATION = ARXIV:1502.01719;%%},
	Title = {{Sudakov Safety in Perturbative QCD}},
	Volume = {91},
	Year = {2015},
	Bdsk-Url-1 = {http://dx.doi.org/10.1103/PhysRevD.91.111501}}

@article{Altarelli:1977zs,
	Author = {Altarelli, Guido and Parisi, G.},
	Journal = {Nucl. Phys. B},
	Pages = {298},
	Reportnumber = {LPTENS-77-6},
	Slaccitation = {%%CITATION = NUPHA,B126,298;%%},
	Title = {Asymptotic freedom in parton language},
	Volume = {126},
	Year = {1977},
	Bdsk-Url-1 = {http://dx.doi.org/10.1016/0550-3213(77)90384-4}}

@article{Dokshitzer:1997in,
	Archiveprefix = {arXiv},
	Author = {Dokshitzer, Yuri L. and Leder, G. D. and Moretti, S. and Webber, B. R.},
	Eprint = {hep-ph/9707323},
	Journal = {JHEP},
	Pages = {001},
	Primaryclass = {hep-ph},
	Reportnumber = {CAVENDISH-HEP-97-06},
	Slaccitation = {%%CITATION = HEP-PH/9707323;%%},
	Title = {{Better jet clustering algorithms}},
	Volume = {08},
	Year = {1997},
	Bdsk-Url-1 = {http://dx.doi.org/10.1088/1126-6708/1997/08/001}}

@article{KunnawalkamElayavalli:2017hxo,
	Archiveprefix = {arXiv},
	Author = {Kunnawalkam Elayavalli, Raghav and Zapp, Korinna Christine},
	Eprint = {1707.01539},
	Journal = {JHEP},
	Pages = {141},
	Primaryclass = {hep-ph},
	Reportnumber = {CERN-TH-2017-146, MCNET-17-11},
	Slaccitation = {%%CITATION = ARXIV:1707.01539;%%},
	Title = {{Medium response in JEWEL and its impact on jet shape observables in heavy ion collisions}},
	Volume = {07},
	Year = {2017},
	Bdsk-Url-1 = {http://dx.doi.org/10.1007/JHEP07(2017)141}}

@inproceedings{Sjostrand:2008vc,
	Archiveprefix = {arXiv},
	Author = {Sjostrand, Torbjorn},
	Booktitle = {{Proceedings, HERA and the LHC Workshop Series on the implications of HERA for LHC physics: 2006-2008}},
	Eprint = {0809.0303},
	Pages = {726-732},
	Primaryclass = {hep-ph},
	Reportnumber = {LU-TP-08-17, MCNET-08-09},
	Slaccitation = {%%CITATION = ARXIV:0809.0303;%%},
	Title = {{PYTHIA 8 Status Report}},
	Url = {https://inspirehep.net/record/794180/files/arXiv:0809.0303.pdf},
	Year = {2008},
	Bdsk-Url-1 = {https://inspirehep.net/record/794180/files/arXiv:0809.0303.pdf},
	Bdsk-Url-2 = {https://doi.org/10.3204/DESY-PROC-2009-02/41}}

@article{Polosa:2006hb,
	Archiveprefix = {arXiv},
	Author = {Polosa, Antonio D. and Salgado, Carlos A.},
	Eprint = {hep-ph/0607295},
	Journal = {Phys. Rev.},
	Pages = {041901},
	Primaryclass = {hep-ph},
	Slaccitation = {%%CITATION = HEP-PH/0607295;%%},
	Title = {{Jet Shapes in Opaque Media}},
	Volume = {C75},
	Year = {2007},
	Bdsk-Url-1 = {https://doi.org/10.1103/PhysRevC.75.041901}}

@article{Wang:2001ifa,
	Archiveprefix = {arXiv},
	Author = {Wang, Xin-Nian and Guo, Xiao-feng},
	Eprint = {hep-ph/0102230},
	Journal = {Nucl. Phys.},
	Pages = {788-832},
	Primaryclass = {hep-ph},
	Reportnumber = {LBNL-47155},
	Slaccitation = {%%CITATION = HEP-PH/0102230;%%},
	Title = {{Multiple parton scattering in nuclei: Parton energy loss}},
	Volume = {A696},
	Year = {2001},
	Bdsk-Url-1 = {https://doi.org/10.1016/S0375-9474(01)01130-7}}

@article{Schenke:2009gb,
	Archiveprefix = {arXiv},
	Author = {Schenke, Bjoern and Gale, Charles and Jeon, Sangyong},
	Eprint = {0909.2037},
	Journal = {Phys. Rev.},
	Pages = {054913},
	Primaryclass = {hep-ph},
	Slaccitation = {%%CITATION = ARXIV:0909.2037;%%},
	Title = {{MARTINI: An Event generator for relativistic heavy-ion collisions}},
	Volume = {C80},
	Year = {2009},
	Bdsk-Url-1 = {https://doi.org/10.1103/PhysRevC.80.054913}}

@article{Young:2011ug,
	Archiveprefix = {arXiv},
	Author = {Young, Clint and Schenke, Bjoern and Jeon, Sangyong and Gale, Charles},
	Eprint = {1111.0647},
	Journal = {Phys. Rev.},
	Pages = {034905},
	Primaryclass = {nucl-th},
	Slaccitation = {%%CITATION = ARXIV:1111.0647;%%},
	Title = {{MARTINI event generator for heavy quarks: Initialization, parton evolution, and hadronization}},
	Volume = {C86},
	Year = {2012},
	Bdsk-Url-1 = {https://doi.org/10.1103/PhysRevC.86.034905}}

@article{Lokhtin:2008xi,
	Archiveprefix = {arXiv},
	Author = {Lokhtin, I. P. and Malinina, L. V. and Petrushanko, S. V. and Snigirev, A. M. and Arsene, I. and Tywoniuk, K.},
	Eprint = {0809.2708},
	Journal = {Comput. Phys. Commun.},
	Pages = {779-799},
	Primaryclass = {hep-ph},
	Slaccitation = {%%CITATION = ARXIV:0809.2708;%%},
	Title = {{Heavy ion event generator HYDJET++ (HYDrodynamics plus JETs)}},
	Volume = {180},
	Year = {2009},
	Bdsk-Url-1 = {https://doi.org/10.1016/j.cpc.2008.11.015}}

@article{Renk:2010zx,
	Archiveprefix = {arXiv},
	Author = {Renk, Thorsten},
	Booktitle = {{Jets in proton-proton and heavy-ion collisions. Proceedings, International Workshop, Prague, Czech Republic, August 12-14, 2010}},
	Eprint = {1009.3740},
	Journal = {Int. J. Mod. Phys.},
	Pages = {1594-1599},
	Primaryclass = {hep-ph},
	Slaccitation = {%%CITATION = ARXIV:1009.3740;%%},
	Title = {{YaJEM: a Monte Carlo code for in-medium shower evolution}},
	Volume = {E20},
	Year = {2011},
	Bdsk-Url-1 = {https://doi.org/10.1142/S0218301311019933}}

@article{Majumder:2013re,
	Archiveprefix = {arXiv},
	Author = {Majumder, Abhijit},
	Eprint = {1301.5323},
	Journal = {Phys. Rev.},
	Pages = {014909},
	Primaryclass = {nucl-th},
	Slaccitation = {%%CITATION = ARXIV:1301.5323;%%},
	Title = {{Incorporating Space-Time Within Medium-Modified Jet Event Generators}},
	Volume = {C88},
	Year = {2013},
	Bdsk-Url-1 = {https://doi.org/10.1103/PhysRevC.88.014909}}

@article{Cao:2017zih,
	Archiveprefix = {arXiv},
	Author = {Cao, S. and others},
	Collaboration = {JETSCAPE},
	Eprint = {1705.00050},
	Journal = {Phys. Rev.},
	Number = {2},
	Pages = {024909},
	Primaryclass = {nucl-th},
	Slaccitation = {%%CITATION = ARXIV:1705.00050;%%},
	Title = {{Multistage Monte-Carlo simulation of jet modification in a static medium}},
	Volume = {C96},
	Year = {2017},
	Bdsk-Url-1 = {https://doi.org/10.1103/PhysRevC.96.024909}}

@article{Cacciari:2005hq,
	Archiveprefix = {arXiv},
	Author = {Cacciari, Matteo and Salam, Gavin P.},
	Eprint = {hep-ph/0512210},
	Journal = {Phys. Lett.},
	Pages = {57-61},
	Primaryclass = {hep-ph},
	Reportnumber = {LPTHE-05-32},
	Slaccitation = {%%CITATION = HEP-PH/0512210;%%},
	Title = {{Dispelling the $N^{3}$ myth for the $k_t$ jet-finder}},
	Volume = {B641},
	Year = {2006},
	Bdsk-Url-1 = {https://doi.org/10.1016/j.physletb.2006.08.037}}

@article{Cacciari:2011ma,
	Archiveprefix = {arXiv},
	Author = {Cacciari, Matteo and Salam, Gavin P. and Soyez, Gregory},
	Eprint = {1111.6097},
	Journal = {Eur. Phys. J.},
	Pages = {1896},
	Primaryclass = {hep-ph},
	Reportnumber = {CERN-PH-TH-2011-297},
	Slaccitation = {%%CITATION = ARXIV:1111.6097;%%},
	Title = {{FastJet User Manual}},
	Volume = {C72},
	Year = {2012},
	Bdsk-Url-1 = {https://doi.org/10.1140/epjc/s10052-012-1896-2}}

@article{Adams:2015hiv,
	Archiveprefix = {arXiv},
	Author = {Adams, D. and others},
	Eprint = {1504.00679},
	Journal = {Eur. Phys. J.},
	Number = {9},
	Pages = {409},
	Primaryclass = {hep-ph},
	Reportnumber = {FERMILAB-PUB-15-670-CMS, SLAC-PUB-16703},
	Slaccitation = {%%CITATION = ARXIV:1504.00679;%%},
	Title = {{Towards an Understanding of the Correlations in Jet Substructure}},
	Volume = {C75},
	Year = {2015},
	Bdsk-Url-1 = {https://doi.org/10.1140/epjc/s10052-015-3587-2}}

@article{Larkoski:2017jix,
	Archiveprefix = {arXiv},
	Author = {Larkoski, Andrew J. and Moult, Ian and Nachman, Benjamin},
	Eprint = {1709.04464},
	Primaryclass = {hep-ph},
	Slaccitation = {%%CITATION = ARXIV:1709.04464;%%},
	Title = {{Jet Substructure at the Large Hadron Collider: A Review of Recent Advances in Theory and Machine Learning }},
	Year = {2017}}

@article{Asquith:2018igt,
	Archiveprefix = {arXiv},
	Author = {Asquith, Lily and others},
	Eprint = {1803.06991},
	Primaryclass = {hep-ex},
	Slaccitation = {%%CITATION = ARXIV:1803.06991;%%},
	Title = {{Jet Substructure at the Large Hadron Collider : Experimental Review }},
	Year = {2018}}

@inproceedings{Bendavid:2018nar,
	Archiveprefix = {arXiv},
	Author = {Andersen, J. R. and others},
	Booktitle = {{10th Les Houches Workshop on Physics at TeV Colliders (PhysTeV 2017) Les Houches, France, June 5-23, 2017}},
	Eprint = {1803.07977},
	Primaryclass = {hep-ph},
	Reportnumber = {UWTHPH-2018-5, UWTHPH-2018-5},
	Slaccitation = {%%CITATION = ARXIV:1803.07977;%%},
	Title = {{Les Houches 2017: Physics at TeV Colliders Standard Model Working Group Report}},
	Url = {https://inspirehep.net/record/1663483/files/1803.07977.pdf},
	Year = {2018},
	Bdsk-Url-1 = {https://inspirehep.net/record/1663483/files/1803.07977.pdf}}

@article{Zhang:2015trf,
	Archiveprefix = {arXiv},
	Author = {Zhang, Xiaoming and Apolin{\'a}rio, Liliana and Milhano, Jos{\'e} Guilherme and P{\l}osko{\'n}, Mateusz},
	Booktitle = {{Proceedings, 25th International Conference on Ultra-Relativistic Nucleus-Nucleus Collisions (Quark Matter 2015): Kobe, Japan, September 27-October 3, 2015}},
	Eprint = {1512.09255},
	Journal = {Nucl. Phys.},
	Pages = {597-600},
	Primaryclass = {hep-ph},
	Slaccitation = {%%CITATION = ARXIV:1512.09255;%%},
	Title = {{Sub-jet structure as a discriminating quenching probe}},
	Volume = {A956},
	Year = {2016},
	Bdsk-Url-1 = {https://doi.org/10.1016/j.nuclphysa.2016.02.028}}
